@article{Gupta,
  author = {Pradeep Gupta},
  title = {CUDA Refresher: The CUDA Programming Model},
  year = {2020}
}